<record><leader>00000cas a22000007a 4500</leader><controlfield tag="001">12571502</controlfield><controlfield tag="008">850918d18451845wiuwr ne      0    0eng d</controlfield><controlfield tag="009">3770</controlfield><datafield ind1=" " ind2=" " tag="010"><subfield code="a">sn 85041035 </subfield></datafield><datafield ind1=" " ind2=" " tag="040"><subfield code="a">NPV</subfield><subfield code="b">eng</subfield><subfield code="c">NPV</subfield><subfield code="d">DLC</subfield></datafield><datafield ind1="1" ind2=" " tag="029"><subfield code="a">AU@</subfield><subfield code="b">000025808982</subfield></datafield><datafield ind1=" " ind2=" " tag="042"><subfield code="a">msc</subfield></datafield><datafield ind1=" " ind2=" " tag="045"><subfield code="a">w4w4</subfield></datafield><datafield ind1="0" ind2="0" tag="050"><subfield code="a">Newspaper</subfield></datafield><datafield ind1=" " ind2=" " tag="052"><subfield code="a">4123</subfield><subfield code="b">G6</subfield></datafield><datafield ind1="0" ind2=" " tag="130"><subfield code="a">American (Platteville, Wis.)</subfield></datafield><datafield ind1="0" ind2="0" tag="245"><subfield code="a">American.</subfield></datafield><datafield ind1="1" ind2="3" tag="246"><subfield code="a">Independent American</subfield></datafield><datafield ind1=" " ind2=" " tag="260"><subfield code="a">Platteville, W.T. [i.e. Wis.], :</subfield><subfield code="b">J.L. Marsh,</subfield><subfield code="c">1845.</subfield></datafield><datafield ind1=" " ind2=" " tag="300"><subfield code="a">1 v.</subfield></datafield><datafield ind1=" " ind2=" " tag="310"><subfield code="a">Weekly</subfield></datafield><datafield ind1="0" ind2=" " tag="362"><subfield code="a">Vol. 1, no. 1 (Jan. 11, 1845).</subfield></datafield><datafield ind1=" " ind2=" " tag="530"><subfield code="a">Also available on microfilm from The State Historical Society of Wisconsin.</subfield></datafield><datafield ind1=" " ind2=" " tag="752"><subfield code="a">United States</subfield><subfield code="b">Wisconsin</subfield><subfield code="c">Grant</subfield><subfield code="d">Platteville.</subfield></datafield><datafield ind1="0" ind2="0" tag="785"><subfield code="t">Independent American and general advertiser</subfield><subfield code="w">(DLC)sn 85041034</subfield></datafield></record>